@article{Marwick2018,
  title = {Packaging Data Analytical Work Reproducibly Using {{R}} (and Friends)},
  author = {Marwick, Ben and Boettiger, Carl and Mullen, Lincoln},
  year = {2018},
  journal = {The American Statistician},
  volume = {72},
  number = {1},
  pages = {80--88},
  doi = {10.1080/00031305.2017.1375986},
  url = {https://doi.org/10.1080/00031305.2017.1375986}
}
