@article{marwick2017,
  title={Computational reproducibility in archaeological research: basic principles and a case study of their implementation},
  author={Marwick, Ben},
  journal={Journal of Archaeological Method and Theory},
  volume={24},
  number={2},
  pages={424--450},
  year={2017},
  publisher={Springer}
}