@article{wilson2017good,
  title={Good enough practices in scientific computing},
  author={Wilson, Greg and Bryan, Jennifer and Cranston, Karen and Kitzes, Justin and Nederbragt, Lex and Teal, Tracy K},
  journal={PLOS Computational Biology},
  volume={13},
  number={6},
  pages={e1005510},
  year={2017},
  publisher={Public Library of Science San Francisco, CA USA}
}

@article{marwick2018packaging,
  title={Packaging data analytical work reproducibly using R (and friends)},
  author={Marwick, Ben and Boettiger, Carl and Mullen, Lincoln},
  journal={The American Statistician},
  volume={72},
  number={1},
  pages={80--88},
  year={2018},
  publisher={Taylor \& Francis}
}

@article{wickham2019welcome,
  title={Welcome to the Tidyverse},
  author={Wickham, Hadley and Averick, Mara and Bryan, Jennifer and Chang, Winston and McGowan, Lucy D'Agostino and Fran{\c{c}}ois, Romain and Grolemund, Garrett and Hayes, Alex and Henry, Lionel and Hester, Jim and others},
  journal={Journal of Open Source Software},
  volume={4},
  number={43},
  pages={1686},
  year={2019}
}

@book{xie2020r,
  title={R markdown: The definitive guide},
  author={Xie, Yihui and Allaire, JJ and Grolemund, Garrett},
  year={2020},
  publisher={Chapman and Hall/CRC}
}

@article{gentleman2007statistical,
  title={Statistical analyses and reproducible research},
  author={Gentleman, Robert and Temple Lang, Duncan},
  journal={Journal of Computational and Graphical Statistics},
  volume={16},
  number={1},
  pages={1--23},
  year={2007},
  publisher={Taylor \& Francis}
}

@article{peng2011reproducible,
  title={Reproducible research in computational science},
  author={Peng, Roger D},
  journal={Science},
  volume={334},
  number={6060},
  pages={1226--1227},
  year={2011},
  publisher={American Association for the Advancement of Science}
}

@Manual{rcore2021,
  title = {R: A Language and Environment for Statistical Computing},
  author = {{R Core Team}},
  organization = {R Foundation for Statistical Computing},
  address = {Vienna, Austria},
  year = {2021},
  url = {https://www.R-project.org/},
}

@article{example2024,
  title={Example Article for Research Compendium},
  author={Author, A. and Collaborator, B.},
  journal={Journal of Reproducible Research},
  volume={1},
  number={1},
  pages={1--10},
  year={2024},
  publisher={Academic Press}
}