% Shared bibliography for ZZCOLLAB vignettes
% Contains key references from reproducible research literature

% ============================================================================
% CORE REPRODUCIBLE RESEARCH FRAMEWORK
% ============================================================================

@article{marwick_packaging_2018,
  title = {Packaging Data Analytical Work Reproducibly Using {R} (and Friends)},
  author = {Marwick, Ben and Boettiger, Carl and Mullen, Lincoln},
  year = {2018},
  journal = {The American Statistician},
  volume = {72},
  number = {1},
  pages = {80--88},
  doi = {10.1080/00031305.2017.1375986},
  note = {Unified research compendium framework - foundation for ZZCOLLAB}
}

@article{gentleman_statistical_2007,
  title = {Statistical Analyses and Reproducible Research},
  author = {Gentleman, Robert and Temple Lang, Duncan},
  year = {2007},
  journal = {Journal of Computational and Graphical Statistics},
  volume = {16},
  number = {1},
  pages = {1--23},
  doi = {10.1198/106186007X178663},
  note = {Early framework for reproducible computational research}
}

@article{wilson_good_2017,
  title = {Good Enough Practices in Scientific Computing},
  author = {Wilson, Greg and Bryan, Jennifer and Cranston, Karen and Kitzes, Justin and Nederbragt, Lex and Teal, Tracy K},
  year = {2017},
  journal = {PLOS Computational Biology},
  volume = {13},
  number = {6},
  pages = {e1005510},
  doi = {10.1371/journal.pcbi.1005510},
  note = {Practical best practices for research computing}
}

@article{stodden_empirical_2018,
  title = {An Empirical Analysis of Journal Policy Effectiveness for Computational Reproducibility},
  author = {Stodden, Victoria and Seiler, Jennifer and Ma, Zhaokun},
  year = {2018},
  journal = {Proceedings of the National Academy of Sciences},
  volume = {115},
  number = {11},
  pages = {2584--2589},
  doi = {10.1073/pnas.1708290115},
  note = {Evidence for reproducibility crisis - 50-89% of studies fail replication}
}

@article{ram_git_2013,
  title = {Git Can Facilitate Greater Reproducibility and Increased Transparency in Science},
  author = {Ram, Karthik},
  year = {2013},
  journal = {Source Code for Biology and Medicine},
  volume = {8},
  number = {1},
  pages = {7},
  doi = {10.1186/1751-0473-8-7},
  note = {Git for scientific collaboration and reproducibility}
}

@article{bryan_excuse_2018,
  title = {Excuse Me, Do You Have a Moment to Talk about Version Control?},
  author = {Bryan, Jennifer},
  year = {2018},
  journal = {The American Statistician},
  volume = {72},
  number = {1},
  pages = {20--27},
  doi = {10.1080/00031305.2017.1399928}
}

@book{wickham_r_2015,
  title = {R Packages: Organize, Test, Document, and Share Your Code},
  author = {Wickham, Hadley},
  year = {2015},
  publisher = {O'Reilly Media},
  address = {Sebastopol, CA},
  isbn = {978-1491910597},
  note = {Definitive guide to R package development}
}

@article{wickham_testthat_2011,
  title = {testthat: Get Started with Testing},
  author = {Wickham, Hadley},
  year = {2011},
  journal = {The R Journal},
  volume = {3},
  number = {1},
  pages = {5--10},
  url = {https://journal.r-project.org/archive/2011-1/RJournal_2011-1_Wickham.pdf}
}

@article{knuth_literate_1984,
  title = {Literate Programming},
  author = {Knuth, Donald E},
  year = {1984},
  journal = {The Computer Journal},
  volume = {27},
  number = {2},
  pages = {97--111},
  doi = {10.1093/comjnl/27.2.97},
  note = {Original literate programming framework}
}

@book{xie_r_2018,
  title = {R Markdown: The Definitive Guide},
  author = {Xie, Yihui and Allaire, J J and Grolemund, Garrett},
  year = {2018},
  publisher = {Chapman and Hall/CRC},
  address = {Boca Raton, FL},
  isbn = {978-1138359338},
  url = {https://bookdown.org/yihui/rmarkdown/}
}

@article{horst_palmer_2020,
  title = {palmerpenguins: Palmer Archipelago (Antarctica) Penguin Data},
  author = {Horst, Allison M and Hill, Alison Presmanes and Gorman, Kristen B},
  year = {2020},
  journal = {R package version 0.1.0},
  doi = {10.5281/zenodo.3960218},
  url = {https://allisonhorst.github.io/palmerpenguins/}
}

@book{schmidt-nielsen_scaling_1984,
  title = {Scaling: Why Is Animal Size So Important?},
  author = {Schmidt-Nielsen, Knut},
  year = {1984},
  publisher = {Cambridge University Press},
  address = {Cambridge, UK},
  isbn = {978-0521266574}
}
